=LDR  01122cam a2200409 i 4500
=001  on1383473302
=003  OCoLC
=005  20230701030442.0
=008  230427s2021\\\\lv\\\\\\\\\\\\000\p\lav\d
=020  \\$a9789934888489
=020  \\$a9934888483
=035  \\$a(OCoLC)1383473302
=040  \\$aEVIEW$beng$erda$cEVIEW$dDLC
=042  \\$alccopycat
=043  \\$ae-lv---
=049  \\$aDLCC
=050  \4$aPG9050.17.E55$bZ55 2021
=100  1\$aGekišs, Nauris,$eauthor.
=245  10$aZilsniedzēm izmargots ceļš /$cNauris Gekišs.
=264  \1$aRīga :$bDrukātava,$c2021.
=300  \\$a196 pages ;$c20 cm
=336  \\$atext$btxt$2rdacontent
=337  \\$aunmediated$bn$2rdamedia
=338  \\$avolume$bnc$2rdacarrier
=546  \\$aIn Latvian.
=650  04$aPoetry.
=650  \0$aBlues (Music)$vPoetry.
=650  \0$aLyric poetry.
=650  \0$aLatvian poetry.
=852  8\$hReCAP 23-000001
=900  \\$a2500567B
=901  \\$aEVP
=910  \\$aRL
=949  \1$z8528$aReCAP 23-000001$i333331234567891$p24$vEVP$h43$lrc2ma$t55
=949  \1$z8528$aReCAP 23-000002$i333331234567892$p24$vEVP$h43$lrc2ma$t55
=949  \1$z8528$aReCAP 23-000003$i333331234567893$p24$vEVP$h43$lrc2ma$t55
=960  \\$s3072$tMAL$u50108latv$dr$ef$ia$gq
=980  \\$a230918$b2400$c672$d000$e3072$f20048818$g1
=981  \\$aEVP
=994  \\$aC0$bDLC

