=LDR  01297cam a2200433 i 4500
=001  on1383079464
=003  OCoLC
=005  20230701030445.0
=008  230427s2021\\\\lv\\\\\\\\\\\\000\1\lav\d
=020  \\$a9789934897818
=020  \\$a9934897814
=035  \\$a(OCoLC)1383079464
=040  \\$aEVIEW$beng$erda$cEVIEW$dDLC
=042  \\$alccopycat
=043  \\$ae-lv---
=049  \\$aDLCC
=050  \4$aPG9049.26.U55$bA7 2021
=100  1\$aPuķīte, Solveiga,$d1948-$eauthor.
=245  10$aAr dāliju vējlukturī :$bstāsti /$cSolveiga Puķīte.
=264  \1$aRīga :$bAutorizdevums ;$bDrukātava,$c2021.
=300  \\$a10 pages ;$c21 cm
=336  \\$atext$btxt$2rdacontent
=337  \\$aunmediated$bn$2rdamedia
=338  \\$avolume$bnc$2rdacarrier
=546  \\$aIn Latvian.
=650  \0$aLatvian fiction.
=650  \0$aShort stories, Latvian.
=650  \0$aMan-woman relationships$xConduct of life$vFiction.
=650  04$aProse. Prose fiction.
=650  \0$aWomen$xConduct of life$vFiction.
=852  8\$hReCAP 23-108998
=900  \\$a2500620B
=901  \\$aEVP
=910  \\$aRL
=949  \1$z8582$p26$vEVIS$h43$aReCAP 23-108998
=960  \\$s3272$tMAL$u50108latv$dr$ef$ia$gq
=980  \\$a230918$b2600$c672$d000$e3272$f20048818$g1
=981  \\$aEVP
=994  \\$aC0$bDLC

