=LDR  01959cam a2200553 i 4500
=001  on1383484572
=003  OCoLC
=005  20230630084119.0
=008  230425s2022\\\\lv\o\\\\\\\\\\000\0dlav\d
=020  \\$a9789934604973
=020  \\$a9934604973
=035  \\$a(OCoLC)1383484572
=040  \\$aEVIEW$beng$erda$cEVIEW$dDLC
=042  \\$alccopycat
=043  \\$ae-lv---
=049  \\$aDLCC
=050  \4$aD802.L35$bJ47 2022
=100  1\$aJermacāne, Ilze,$d1976-$eauthor.
=245  10$a100 liecības par Latviju otrajā pasaules karā /$cIlze Jermacāne, Viktors Kateriničs, Kristaps Pildiņš, Jānis Tomaševskis, Klāvs Zariņš.
=246  30$a100 liecības par Latviju 2 pasaules karā
=246  3\$aSimts liecības par Latviju otrajā pasaules karā
=264  \1$aRīga :$bLatvijas Kara Muzejs,$c2022.
=300  \\$a252 pages ;$c30 cm
=336  \\$atext$btxt$2rdacontent
=337  \\$aunmediated$bn$2rdamedia
=338  \\$avolume$bnc$2rdacarrier
=546  \\$aIn Latvian.
=650  \0$aWorld War, 1939-1945$zLatvia$vCatalogs.
=650  04$aBiography: collective.
=650  04$aLatvia.
=650  \0$aWorld War, 1939-1945$zLatvia$vBiography.
=650  04$aWorld War II (1939-1945)
=650  \0$aWorld War, 1939-1945$zLatvia$vPersonal narratives.
=651  \0$aLatvia$xHistory$ySoviet occupation, 1940-1941.
=651  \0$aLatvia$xHistory$yGerman occupation, 1941-1944.
=700  1\$aZariņš, Klāvs,$eauthor.
=700  1\$aTomaševskis, Jānis,$eauthor.
=700  1\$aPildiņš, Kristaps,$d1991-$eauthor.
=700  1\$aKateriničs, Viktors,$eauthor.
=710  2\$aLatvijas Kara muzejs,$eissuing body.
=852  8\$hReCAP 23-108997
=900  \\$a2500308B
=901  \\$aEVP
=910  \\$aRL
=949  \1$z8528$p112$vEVIS$h43$aReCAP 23-108997$lrc2ma$t2
=960  \\$s11872$tMAL$u50108latv$dr$ef$ia$gq
=980  \\$a230918$b11200$c672$d000$e11872$f20048818$g1
=981  \\$aEVP
=994  \\$aC0$bDLC

